<?xml version="1.0" encoding="UTF-8"?><collection xmlns="http://www.loc.gov/MARC21/slim"><record><leader>00434nam--2200145-i-4500</leader><controlfield tag="001">000008901</controlfield><controlfield tag="002">20161230</controlfield><controlfield tag="005">20170127222413</controlfield><controlfield tag="008">060222s1000------------r-----000-0-eng-d</controlfield><datafield ind1=" " ind2=" " tag="080"><subfield code="a">621.039:016</subfield></datafield><datafield ind1=" " ind2=" " tag="245"><subfield code="a">Bibliographies of atomic energy literature. Issued or in progress during the period: December 1966-January 1967</subfield></datafield><datafield ind1=" " ind2=" " tag="260"><subfield code="a">Oak Ridge</subfield><subfield code="b">U.S.A.E.C</subfield><subfield code="c">1966-1967</subfield></datafield><datafield ind1=" " ind2=" " tag="490"><subfield code="a">Tid</subfield></datafield><datafield ind1=" " ind2=" " tag="852"><subfield code="a">D.1232</subfield></datafield><datafield ind1=" " ind2=" " tag="CAT"><subfield code="a">SYS</subfield><subfield code="c">20170127</subfield><subfield code="h">222413</subfield></datafield></record></collection>